
@article{li2010new,
  title     = {New Memory Method of Impedance Elements for Marching-on-in-Time Solution of Time-Domain Integral Equation},
  author    = {Li, Jin Yan and \textbf{Zhang,San} and Zhao, Yan Wen and Nie, Zai Ping},
  journal   = {Electromagnetics},
  volume    = {30},
  number    = {5},
  pages     = {448--462},
  year      = {2010},
  publisher = {Taylor \& Francis}
}

@article{lijinyan2010shi,
  title   = {时间步进算法中阻抗矩阵的高效存储新方法},
  author  = {李四 and \textbf{张三}},
  journal = {电波科学学报},
  volume  = {25},
  number  = {4},
  pages   = {624--631},
  year    = {2010}
}
@phdthesis{yuming2023,
  title  = {面向NVM和SSD的列存数据库存储引擎设计与实现},
  author = {喻明},
  school = {华东师范大学},
  year   = {2023},
  address = {上海}
}



@phdthesis{22080514,
  author      = {董创轼},
  title       = {基于NVM的数据库存储引擎优化技术研究},
  institution = {电子科技大学},
  year        = {2023},
  pages       = {50-60},
  address     = {成都}
}
@phdthesis{lixinchi2018,
  title  = {基于NVM的内存数据库多表连接操作的设计与优化},
  author = {李心池},
  school = {重庆大学},
  year   = {2018},
  address = {重庆}
  pages = {50-60}
}




@article{wang1999sanwei,
  title   = {三维矢量散射积分方程中奇异性分析},
  author  = {王浩刚 and 聂在平},
  journal = {电子学报},
  volume  = {27},
  number  = {12},
  pages   = {68 -- 71},
  year    = {1999}
}

@conference{liuxf2006,
  author    = {Liu, X F and Wang, Bing Zhong and Shao, Wei and Wen Wang},
  title     = {A marching-on-in-order scheme for exact attenuation constant extraction of lossy transmission lines},
  year      = {2006},
  pages     = {527-529},
  address   = {Chengdu},
  booktitle = {China-Japan Joint Microwave Conference Proceedings}
}

@book{zhu1973wulixue,
  title     = {物理学},
  author    = {竺可桢},
  year      = {1973},
  address   = {北京},
  pages     = {56-60},
  publisher = {科学出版社}
}

@phdthesis{chen2001hao,
  author      = {陈念永},
  title       = {毫米波细胞生物效应及抗肿瘤研究},
  institution = {电子科技大学},
  year        = {2001},
  pages       = {50-60},
  address     = {成都}
}

@newspaper{gu2012lao,
  author  = {顾春},
  title   = {牢牢把握稳中求进的总基调},
  journal = {人民日报},
  date    = {2012年3月31日}
}

@techreport{feng997he,
  author      = {冯西桥},
  title       = {核反应堆压力容器的{LBB}分析},
  institution = {清华大学核能技术设计研究院},
  date        = {1997年6月25日},
  address     = {北京}
}

@patent{xiao2012yi,
  author  = {肖珍新},
  title   = {一种新型排渣阀调节降温装置},
  date    = {2012年4月25日},
  type    = {实用新型专利},
  country = {中国},
  id      = {ZL201120085830.0}
}

@standard{zhong1994zhong,
  institution = {中华人民共和国国家技术监督局},
  id          = {GB3100-3102},
  title       = {中华人民共和国国家标准--量与单位},
  publisher   = {中国标准出版社},
  date        = {1994年11月1日},
  address     = {北京}
}

@digital{clerc2010discrete,
  author = {M. Clerc},
  title  = {Discrete particle swarm optimization: a fuzzy combinatorial box},
  type   = {EB/OL},
  date   = {July 16, 2010},
  url    = {http://clere.maurice.free.fr/pso/Fuzzy_Discrere_PSO/Fuzzy_DPSO.htm}
}