
@article{wang1999sanwei,
  title = {三维矢量散射积分方程中奇异性分析},
  author = {王浩刚 and 聂在平},
  journal = {电子学报},
  volume = {27},
  number = {12},
  pages = {68 -- 71},
  year = {1999}
}
@inproceedings{patel2023xfm,
  author = {Patel, Neel and Mamandipoor, Amin and Quinn, Derrick and Alian, Mohammad},
  title = {XFM: Accelerated Software-Defined Far Memory},
  pages = {769--783},
  year = {2023},
  url = {https://dl.acm.org/doi/10.1145/3613424.3623776},
  urldate = {2025-01-06},
  shorttitle = {XFM},
  booktitle = {Proceedings of the 56th Annual IEEE/ACM International Symposium on Microarchitecture},
  series = {MICRO '23},
  publisher = {Association for Computing Machinery},
  location = {New York, NY, USA},
  isbn = {979-8-4007-0329-4},
  language = {en}
}
@article{mutlu2013memory,
  author = {Mutlu, Onur},
  title = {Memory Scaling: A Systems Architecture Perspective},
  journal = {2013 5th IEEE International Memory Workshop},
  pages = {21--25},
  year = {2013},
  url = {http://ieeexplore.ieee.org/document/6582088/},
  urldate = {2025-02-10},
  shorttitle = {Memory Scaling},
  publisher = {IEEE},
  location = {Monterey, CA, USA},
  isbn = {9781467361699 9781467361682},
  booktitle = {2013 5th IEEE International Memory Workshop (IMW)}
}
@article{mutlu2014research,
  author = {Mutlu, Onur and Subramanian, Lavanya},
  title = {Research Problems and Opportunities in Memory Systems},
  journal = {Supercomput. Front. Innov.: Int. J.},
  volume = {1},
  number = {3},
  pages = {19--55},
  year = {2014},
  issn = {2409-6008},
  url = {https://doi.org/10.14529/jsfi140302},
  urldate = {2025-02-10}
}

@article{Mutlu2013MemorySA,
  title={Memory scaling: A systems architecture perspective},
  author={Onur Mutlu},
  journal={2013 5th IEEE International Memory Workshop},
  year={2013},
  pages={21-25},
  url={https://api.semanticscholar.org/CorpusID:8098269}
}
@inproceedings{reiss2012heterogeneity,
  author = {Reiss, Charles and Tumanov, Alexey and Ganger, Gregory R. and Katz, Randy H. and Kozuch, Michael A.},
  title = {Heterogeneity and Dynamicity of Clouds at Scale: Google Trace Analysis},
  pages = {1--13},
  year = {2012},
  url = {https://dl.acm.org/doi/10.1145/2391229.2391236},
  urldate = {2025-01-19},
  shorttitle = {Heterogeneity and Dynamicity of Clouds at Scale},
  booktitle = {Proceedings of the Third ACM Symposium on Cloud Computing},
  series = {SoCC '12},
  publisher = {Association for Computing Machinery},
  location = {New York, NY, USA},
  isbn = {978-1-4503-1761-0}
}

@conference{liuxf2006,
  author = {Liu, X F and Wang, Bing Zhong and Shao, Wei and Wen Wang},
  title = {A marching-on-in-order scheme for exact attenuation constant extraction of lossy transmission lines},
  year = {2006},
  pages = {527-529},
  address = {Chengdu},
  booktitle = {China-Japan Joint Microwave Conference Proceedings}
}

@book{zhu1973wulixue,
  title = {物理学},
  author = {竺可桢},
  year = {1973},
  address = {北京},
  pages = {56-60},
  publisher = {科学出版社}
}

@thesis{chen2001hao,
  author = {陈念永},
  title = {毫米波细胞生物效应及抗肿瘤研究},
  institution = {电子科技大学},
  year = {2001},
  pages = {50-60},
  address = {成都}
}

@newspaper{gu2012lao,
  author = {顾春},
  title = {牢牢把握稳中求进的总基调},
  journal = {人民日报},
  date = {2012年3月31日}
}

@techreport{feng997he,
  author = {冯西桥},
  title = {核反应堆压力容器的{LBB}分析},
  institution = {清华大学核能技术设计研究院},
  date = {1997年6月25日},
  address = {北京}
}

@patent{xiao2012yi,
  author = {肖珍新},
  title = {一种新型排渣阀调节降温装置},
  date = {2012年4月25日},
  type = {实用新型专利},
  country = {中国},
  id = {ZL201120085830.0}
}

@standard{zhong1994zhong,
  institution = {中华人民共和国国家技术监督局},
  id = {GB3100-3102},
  title = {中华人民共和国国家标准--量与单位},
  publisher = {中国标准出版社},
  date = {1994年11月1日},
  address = {北京}
}

@digital{clerc2010discrete,
  author = {M. Clerc},
  title = {Discrete particle swarm optimization: a fuzzy combinatorial box},
  type = {EB/OL},
  date = {July 16, 2010},
  url = {http://clere.maurice.free.fr/pso/Fuzzy_Discrere_PSO/Fuzzy_DPSO.htm}
}
